2812 4966
726 405 903 467 ,qq-

282 570 356 634 lulit
392 571 449 635 ubi
481 574 627 651 quatuor
667 588 775 637 arrnos
822 576 1018 655 permansit.
1059 579 1253 648 Delectatus
1294 592 1349 653 est

281 697 394 775 pictor
409 712 516 777 parva
533 696 590 760 illa
606 697 742 766 civitate
763 701 840 766 altis
864 703 1013 768 turribus
1032 706 1193 786 superba,
1224 712 1259 774 et
1288 709 1350 777 Se·

275 829 435 893 ·nensium
474 828 642 895 artificum
687 828 836 894 candore
876 831 910 891 et
952 832 1133 896 vetustate.
1180 832 1348 902 Dominiei

280 952 406 1019 Bartoli
431 955 586 1035 picturas
617 969 705 1035 quae
736 952 834 1018 Senis
864 953 1147 1020 valetudinarium
1177 957 1349 1027 adornant

280 1080 485 1160 cognovisse
509 1082 542 1143 et
562 1079 714 1142 imitatus
743 1075 851 1141 luisse
877 1076 1022 1142 videtur.
1046 1078 1117 1143 Non
1143 1082 1236 1145 nulla
1258 1094 1349 1151 vero

278 1200 372 1266 linxit
392 1218 499 1282 opera
519 1203 551 1265 in
572 1203 656 1266 urbe
683 1200 839 1266 Certaldo
862 1201 917 1265 ubi
931 1199 1076 1289 loannis
1099 1202 1241 1270 Boccaoi
1274 1225 1347 1275 me-

278 1325 386 1389 moria
421 1326 568 1408 vigebat.
591 1325 780 1390 Verisimile
815 1329 868 1390 est
905 1321 1030 1390 bonum
1067 1329 1247 1410 pictorem,
1276 1332 1346 1400 etsi
1393 1361 1395 1366 ·

277 1451 387 1514 sacris
404 1450 556 1514 nistoriis
570 1450 756 1530 praecipue
771 1466 911 1530 operam
925 1450 1038 1527 dabat,
1058 1452 1165 1517 laetas
1182 1452 1345 1523 Deramo-

277 1575 370 1638 ronis
402 1590 469 1637 non
497 1575 671 1654 sprevisse
705 1553 854 1648 sabulas;
894 1575 944 1639 sic
978 1577 1123 1640 animum
1164 1579 1345 1647 relaxabat

276 1716 375 1782 quem
409 1699 485 1762 libri
518 1699 585 1762 divi
621 1697 798 1782 Augustini
835 1705 1081 1775 exercueranl;
1121 1719 1196 1766 nam
1231 1708 1344 1772 sancti

276 1825 430 1906 episcopi
446 1823 683 1889 confessiones
697 1827 843 1904 quatuor
859 1840 966 1889 annos
992 1824 1174 1890 meditalus
1191 1832 1244 1892 est
1262 1828 1344 1894 dum

276 1947 349 2029 ejus
369 1947 471 2013 uitam
495 1949 528 2010 in
545 1948 788 2028 septemdecim
809 1947 934 2011 tabulis
955 1948 1169 2031 depingebat,
1188 1953 1222 2015 et
1240 1952 1343 2018 simul

275 2072 454 2136 doctorum
468 2071 659 2151 aequalium
674 2088 813 2136 suorum
823 2042 1340 2155 elegantes'moresexponebat.

319 2194 450 2261 interca
472 2195 580 2277 maius
605 2195 707 2260 etiam
733 2196 774 2259 ad
800 2212 888 2275 opus
902 2197 1109 2272 vocabatur;
1132 2214 1208 2261 nam
1225 2197 1342 2266 Pisani

273 2322 438 2402 parietem
452 2321 649 2386 coemeterii
663 2323 798 2385 centum
810 2336 936 2400 passus
950 2321 1088 2404 longum
1105 2322 1146 2386 ad
1162 2322 1340 2404 explican-

232 2524 236 2537 ,
273 2446 335 2511 das
355 2445 473 2511 ordine
495 2445 627 2510 Veteris
655 2444 863 2526 Testamenti
887 2445 1049 2510 historias
1077 2448 1338 2515 commiserunt.

274 2577 359 2642 Nulli
375 2594 520 2657 unquam
539 2575 661 2656 pictori
683 2580 749 2640 tam
767 2581 884 2639 vastus
897 2588 1087 2639 concessus
1108 2575 1160 2636 est
1176 2588 1338 2653 campus,

274 2702 365 2766 llaec
377 2701 462 2765 inter
473 2699 590 2765 felices
602 2700 690 2766 vitae
703 2698 834 2764 Benotii
849 2699 1123 2780 opportunitates
1137 2694 1339 2765 felicissima

273 2824 339 2888 dici
354 2826 480 2905 potest.
498 2822 567 2888 lllis
582 2820 776 2908 ingentibus
793 2824 936 2905 picturis
952 2822 1144 2904 quindecim
1160 2837 1269 2888 annos
1283 2839 1340 2888 ar-

272 2951 339 3013 tem
353 2950 388 3012 et
403 2947 553 3012 laborem
571 2947 674 3012 dedit.
692 2946 825 3028 Aliquid
841 2947 943 3028 spatii
959 2947 1103 3013 vacabat
1114 2963 1219 3026 supra
1234 2965 1337 3013 unam

203 3044 205 3051 Ι
274 3073 569 3153 tabularumquam
580 3071 667 3137 forte
679 3074 753 3153 ipse
764 3073 910 3138 omnium
927 3072 1188 3152 pulcherrimam
1199 3070 1338 3153 judica-

270 3196 346 3275 bat;
366 3197 479 3278 ibique
492 3197 557 3261 bos
571 3198 710 3279 scripsit
721 3214 939 3279 versusquos
950 3196 1099 3262 dictabat
1111 3195 1240 3261 ainicus
1256 3201 1335 3279 qui-

271 3321 348 3395 dam
360 3325 475 3402 pocta.
528 3343 533 3354 ·

376 3586 452 3652 Quid
465 3590 578 3657 spectas
591 3585 735 3652 volucres,
752 3587 846 3659 pisces
860 3591 889 3642 et
903 3589 1035 3642 monstra
1046 3585 1186 3653 ferarum,

407 3674 441 3729 Et
453 3675 562 3730 virides
577 3675 665 3731 silvas
678 3676 891 3748 aethereasque
904 3676 1028 3730 domos‘l

372 3762 407 3817 Et
421 3779 535 3834 pueros,
548 3765 681 3835 juvenes
696 3769 814 3830 malreS,
831 3780 978 3836 canosque
991 3767 1138 3835 parentes,

407 3850 496 3916 Quels
509 3867 626 3922 semper
638 3853 738 3907 vivum
753 3853 844 3925 spirat
859 3854 888 3906 in
909 3868 959 3907 ore
972 3851 1081 3906 decus‘l

372 3937 435 3993 Non
448 3938 520 3993 haee
533 3942 592 3993 tam
606 3941 695 3995 variis
708 3941 791 3996 finxit
803 3940 962 3995 simulacra
976 3939 1078 4010 figuris

408 4024 518 4082 Natura
532 4029 650 4098 ingenio
666 4029 792 4084 foetibus
805 4032 872 4099 apta
886 4045 939 4083 suo
955 4045 960 4080 2

372 4114 421 4170 Est
436 4132 509 4187 opus
524 4116 644 4172 artificis
663 4118 776 4189 :pinxit
790 4117 857 4171 viva
871 4133 923 4172 ora
940 4116 1072 4172 bertonus
1089 4135 1095 4171 :

407 4203 429 4259 ll
445 4205 542 4275 superi
558 4203 641 4260 vivos
656 4205 769 4261 fundite
786 4206 814 4260 in
831 4222 883 4260 ora
897 4222 995 4260 sonos,
