2812 4966
745 378 900 440 ,2-

287 561 440 623 operum,
463 546 723 626 perlustramus.
743 547 828 622 Quid
848 564 931 630 ergo
952 547 993 613 dc
1015 549 1170 613 terrestri
1189 547 1358 612 felicitate

287 672 445 734 censeret
472 667 596 735 artilex
626 670 683 736 ille
709 671 856 754 impiger
882 673 939 753 oui
966 673 1022 737 vel
1047 670 1183 737 ilorenti
1212 670 1361 754 juventa

285 791 450 870 fervidus,
470 795 524 860 vel
538 795 650 860 animo
667 797 832 860 maturior
845 799 879 861 et
897 796 1006 871 annis,
1020 813 1183 862 amoenas
1199 797 1359 877 picturas

285 921 397 982 mente
434 934 571 998 semper
595 898 719 984 sere'na
752 918 892 984 linxisse
923 920 1059 985 videtur
1085 937 1092 982 :
1122 895 1188 985 boc
1217 920 1360 1001 cuidem

286 1045 444 1106 accurate
466 1043 659 1123 percontari
680 1043 712 1104 in
734 1044 845 1107 animo
866 1046 918 1109 cst
935 1043 1081 1125 ideoque
1099 1045 1202 1108 vitam
1227 1060 1359 1125 opera-

287 1183 352 1247 que
368 1167 511 1247 pictoris
526 1167 678 1232 vicissim
699 1167 966 1248 explorabimus.

330 1289 458 1354 Vanum
473 1288 588 1355 forsan
601 1291 724 1372 aliquis
738 1291 893 1356 censebit
904 1291 1077 1371 inceptum
1092 1292 1120 1356 si
1137 1291 1358 1375 aggrediaris

285 1412 488 1479 disserendo
511 1415 702 1480 instaurare
729 1430 816 1496 quae
839 1412 941 1478 fuerit
965 1414 1183 1496 philosophia
1207 1415 1357 1482 artificis

285 1539 338 1601 cui
359 1541 496 1620 praeter
516 1538 710 1618 penicillum
729 1544 763 1605 et
782 1539 919 1604 colores
938 1538 1019 1602 nibil
1045 1543 1119 1604 erat
1136 1555 1204 1620 ouo
1225 1556 1356 1605 sensus

285 1662 386 1725 animi
398 1662 616 1742 exprimeret.
631 1661 790 1729 Proiecto
802 1679 868 1728 non
880 1661 1030 1728 officium
1043 1666 1097 1728 'ost
1112 1664 1256 1744 pictoris
1269 1663 1357 1730 doe-

284 1787 406 1850 trinam
426 1786 603 1851 dialectice
628 1803 721 1853 more
739 1787 890 1852 Platonis
911 1792 969 1852 aut
988 1788 1021 1851 vi
1045 1788 1236 1870 syllogismi
1255 1805 1355 1854 more

283 1908 481 1974 Aristotelis
495 1910 676 1975 instruere.
699 1910 860 1974 Tabulam
879 1909 1008 1976 Benotii
1023 1910 1140 1976 videre
1157 1911 1259 1975 estin
1277 1929 1356 1978 mu-

284 2051 344 2099 seo
358 2033 531 2098 Parisiaco
547 2051 634 2115 oriae
653 2036 761 2099 sancti
781 2034 930 2100 Tbomae
946 2033 1122 2115 dorrinatis
1141 2035 1354 2117 triumphum

282 2158 441 2223 illustrat.
460 2156 561 2223 Sedet
576 2158 675 2222 divus
690 2158 745 2223 ille
760 2157 881 2223 doctor
902 2158 990 2229 inter
1009 2157 1184 2223 Platonem
1202 2162 1237 2224 et
1252 2157 1353 2226 Aris-

282 2283 439 2358 totelem3
470 2280 557 2346 intra
582 2298 664 2347 vero
692 2279 847 2363 pontifex
868 2281 1035 2346 maximus
1055 2281 1201 2346 etmulti
1231 2282 1353 2349 clerici

283 2406 468 2488 prudentes
484 2408 524 2473 de
542 2404 632 2470 illius
648 2407 791 2471 scientia
806 2406 999 2486 disputant;
1020 2404 1130 2470 lacilis
1144 2409 1257 2471 autem
1277 2407 1352 2472 dis·

282 2532 424 2610 putatio,
439 2549 514 2595 nam
535 2546 653 2596 omnes
670 2530 826 2594 unanimo
840 2545 900 2594 ore
922 2527 1091 2592 affirmant
1107 2544 1240 2594 omnem
1256 2531 1350 2596 viam

282 2654 482 2736 disciplinae
508 2655 541 2718 in
565 2654 707 2717 Selaima
734 2651 931 2735 Theolopiue
951 2652 1180 2733 quaerendam
1200 2657 1235 2718 et
1254 2654 1351 2721 inve·

281 2776 1349 2845 niendamesse.VerisimileestBenotioeamdemdeillaluisse

282 2903 487 2984 opinionem,
506 2901 566 2968 sed
584 2905 718 2983 tempus
738 2903 769 2967 el
791 2901 948 2968 uoluerat
962 2906 999 2966 nt
1018 2906 1117 2968 vasta
1134 2906 1168 2967 et
1183 2902 1354 2969 immensa

280 3027 455 3093 evolveret
483 3026 591 3090 sancti
618 3025 767 3091 Tbomae
791 3026 973 3091 volumina.
995 3025 1062 3090 Sub
1090 3008 1209 3109 elligie
1231 3025 1353 3093 Danlis

280 3156 407 3234 poetae
428 3168 527 3233 quam
544 3149 746 3230 depinxerat
765 3148 876 3215 llonte
894 3148 1038 3215 Falcone
1056 3150 1181 3232 legitur
1196 3150 1285 3216 baec
1302 3151 1355 3215 in-

280 3277 442 3358 scriptio:
461 3271 645 3360 Tbeolopos
660 3275 784 3336 Dentes
796 3271 923 3336 nullius
938 3269 1106 3359 (loqueatis
1126 3293 1266 3360 caper&
1282 3277 1349 3342 sub

280 3399 392 3484 effigie
408 3398 593 3465 Petrarcae
609 3417 616 3461 :
633 3399 820 3461 Lurueotus
834 3399 996 3461 Petrureu
1011 3396 1165 3461 omnium
1180 3396 1349 3463 vertutum

277 3523 460 3588 monarcho
468 3544 482 3605 ,·
492 3526 556 3590 sub
566 3519 680 3606 effigie
692 3538 775 3587 vero
784 3521 861 3588 lolli
873 3542 879 3588 :
894 3519 1068 3585 Pictorum
1080 3519 1224 3585 eoeirru'us
1238 3522 1346 3588 [ottus

276 3645 540 3733 fundumentum
558 3656 589 3708 et
604 3645 674 3710 letor.
701 3646 830 3728 Quippe
854 3649 1072 3712 criminalia
1092 3648 1252 3730 pingendi
1273 3652 1347 3714 ium

277 3774 423 3838 inomni
448 3772 625 3852 disciplina
650 3771 758 3836 lottus
779 3770 918 3836 Benotio
942 3789 1024 3837 vera
1050 3774 1084 3836 et
1104 3771 1269 3854 magistra
1288 3773 1347 3838 lux

277 3901 360 3964 erat.
383 3895 499 3960 Dentis
522 3895 771 3975 Pctrarcaeoue
793 3899 950 3975 poemata
969 3896 1034 3961 etsi
1057 3895 1202 3960 libenter
1224 3901 1346 3964 noster

276 4019 412 4104 legebat
431 4034 574 4100 paucam
593 4033 708 4082 curam
733 4016 894 4082 adbibere
915 4022 1050 4098 poterat
1068 4034 1186 4084 eorum
1207 4019 1345 4086 theolo-

275 4146 363 4228 giae.
378 4141 637 4209 Censebatvero
652 4140 786 4216 lottum,
799 4142 930 4206 etiamsi
946 4144 1153 4223 penicillum,
1169 4158 1236 4207 non
1252 4145 1344 4210 cala-
