2812 4966
606 404 786 466 -71-

165 581 230 644 cbo
251 594 351 660 quam
372 576 532 643 Benotius
553 575 752 639 immensam
774 571 1052 654 splendidamque
1075 569 1238 636 tinxerat.

208 703 333 768 Dextra
346 718 427 783 pars
441 701 576 766 tabulae
593 703 736 764 mortem
750 697 884 763 Goltatb
901 696 1053 778 exponit,
1067 694 1241 760 adversus

165 844 264 909 quem
285 826 425 911 gracilis
446 823 721 891 adolescentulus
746 821 849 888 David
870 822 944 888 sola
969 817 1105 902 leuique
1122 821 1241 886 tunica

164 951 302 1017 indutus
327 949 465 1025 incedit,
492 953 526 1015 et
551 949 709 1014 baculum
741 948 837 1013 laeva
867 950 969 1026 tenet,
1000 944 1123 1011 dextra
1149 962 1237 1011 vero

166 1076 302 1142 lundam
340 1077 488 1156 torquet.
532 1070 677 1138 Vacillot
709 1073 829 1155 ingens
862 1070 994 1136 Goliatb
1029 1086 1237 1151 manumque

69 1267 72 1272 .
100 1200 102 1204 ’
166 1201 268 1268 lronti
284 1199 444 1266 admovet
465 1216 566 1280 quam
587 1196 711 1263 fundae
728 1213 846 1262 saxum
871 1194 1019 1260 discidit.
1040 1194 1125 1259 Dum
1144 1194 1237 1259 cadit

143 1311 148 1319 ’
165 1325 222 1390 ille
236 1325 360 1390 milites
374 1322 527 1389 exterriti
542 1323 621 1404 post
634 1338 710 1386 eum
724 1319 866 1404 lugiunt.
885 1318 961 1385 lilox
974 1319 1077 1385 David
1086 1317 1233 1400 Jacentis

164 1449 228 1514 viri
241 1450 385 1512 immane
401 1450 521 1528 pectus
540 1462 639 1510 manu
655 1445 811 1527 explorat
828 1445 1031 1526 inspicitque
1046 1460 1087 1508 an
1107 1442 1235 1525 aliquid

168 1573 198 1634 ei
219 1571 370 1653 supersit
400 1571 500 1636 vitae.
533 1568 660 1634 Deinde
689 1586 824 1635 rursum
862 1573 965 1650 caput
997 1566 1096 1649 cujus
1131 1563 1234 1632 fronti

168 1685 281 1761 haesit
296 1695 395 1760 letale
410 1712 528 1759 saxum
550 1694 652 1758 David
671 1694 820 1758 ostendit
838 1694 911 1776 regi
934 1691 1023 1769 Saul,
1047 1691 1105 1774 qui
1120 1692 1234 1756 valen-

170 1824 236 1884 tem
261 1817 553 1884 adolescentulum
578 1835 644 1884 non
665 1818 737 1883 siue
758 1817 883 1882 invidia
898 1818 1097 1882 admiratur.
1142 1796 1146 1803 ’

212 1941 295 2008 Fere
310 1943 446 2008 omnino
461 1945 563 2023 periit
576 1943 691 2007 tabula
706 1944 868 2008 vicesima
882 1942 983 2008 tertia
995 1958 1083 2023 quae
1097 1957 1232 2024 magno·

170 2087 242 2134 rum
257 2068 386 2135 Benotii
401 2085 540 2151 operum
556 2071 743 2134 extremum
757 2066 829 2132 fuit.
848 2066 1060 2133 Salomonem
1073 2067 1231 2132 visitabat

170 2193 287 2275 regina
307 2191 404 2257 Saba.
430 2189 588 2257 immensi
610 2191 722 2261 adbuc
742 2191 949 2256 discernitur
968 2193 1094 2272 aliquid
1119 2192 1231 2275 palatii

166 2316 264 2398 Juxta
278 2315 368 2398 quod
389 2315 545 2382 Salomen
563 2319 598 2381 et
615 2316 792 2397 praecipui
812 2317 904 2382 cives
923 2319 1073 2400 reginam
1090 2316 1229 2399 ejusque

170 2443 367 2508 comitatum
401 2442 628 2522 excipiebant.
658 2440 719 2506 Hic
751 2441 931 2506 nonnullae
958 2439 1228 2506 Florentiuorum

171 2565 438 2647 Pisanorumque
463 2565 594 2649 efligies
618 2569 813 2646 supersunt.
845 2564 935 2630 lnter
960 2564 1138 2629 columnas
1163 2565 1232 2646 pul·

172 2691 255 2754 ebra
281 2690 390 2755 cauda
418 2692 584 2773 gloriatur
608 2706 707 2770 pavo.
737 2688 855 2755 Cetera
883 2689 1036 2770 picturae
1062 2687 1232 2754 destructa

173 2816 261 2878 suut.
284 2813 324 2878 dt
337 2831 477 2894 parvum
494 2814 567 2897 ejus
586 2816 721 2881 tabulae
740 2816 930 2896 exemplum
951 2813 1069 2878 seculo
1089 2814 1231 2895 septimo

172 2937 304 3002 decimo
336 2935 467 3001 infabre
496 2937 679 3018 depictum,
707 2937 795 3019 quod
822 2939 854 3001 in
885 2938 1085 3004 Pisanorum
1115 2952 1231 3003 museo

108 3125 116 3143 ,
173 3065 340 3139 servatur,
377 3062 501 3143 aliquid
535 3062 639 3127 refert
670 3064 949 3127 lineamentorum
977 3078 1064 3142 quae
1093 3059 1234 3126 finxerat

173 3185 343 3252 Benotius.
373 3185 407 3248 ln
438 3187 577 3251 sinistra
597 3191 693 3266 parte
718 3186 851 3252 tabulae
877 3186 1003 3268 Regina
1023 3184 1111 3250 Saba
1138 3185 1233 3267 cujus

173 3312 312 3394 elegans
337 3315 478 3391 petasus
501 3327 630 3376 corona
659 3312 790 3375 cinctus
811 3317 884 3378 erat
913 3314 943 3374 in
971 3327 1058 3392 equo
1079 3311 1232 3376 sedebat.

174 3435 302 3499 Famuli
319 3452 393 3500 eam
421 3435 668 3501 antecedebant
693 3434 1004 3515 sequebanturque.
1031 3429 1238 3512 Eqrritabant

174 3558 295 3624 deinde
316 3561 476 3625 mulieres
500 3560 721 3640 hominesque
745 3558 821 3622 lecti
844 3557 901 3637 qui
920 3556 1070 3638 reginam
1095 3556 1240 3620 comita-

176 3684 306 3747 bantur.
326 3683 503 3749 Numerosi
523 3685 676 3764 variique
697 3699 798 3747 canes
811 3682 906 3764 Juxta
919 3696 1026 3761 equos
1043 3679 1239 3745 currebant.

175 3809 208 3872 ln
246 3808 511 3874 abscedentibus
545 3809 714 3873 bubulcus
751 3807 912 3887 canisque
945 3808 979 3869 et
1009 3807 1131 3885 postor
1164 3821 1242 3870 cum

175 3934 298 3999 oribus
321 3932 615 3998 discernebantur.
652 3934 754 3998 tiens
786 3934 816 3995 in
851 3932 996 4012 abrupto
1028 3929 1117 3994 colla
1138 3927 1245 3996 lllonti

176 4057 312 4122 Falconi
332 4058 452 4121 similis
472 4064 556 4121 erat.
584 4056 770 4123 Comitatus
796 4058 883 4121 alter
899 4058 971 4120 erat
989 4055 1161 4119 bominum
1185 4058 1244 4139 (1111

176 4182 311 4248 diverso
326 4183 546 4247 ibantitinere
561 4187 594 4246 ct
607 4184 757 4248 camelos
769 4183 1037 4264 elephantosque
1051 4179 1237 4247 illidebant.
