2812 4966
623 436 803 502 -53-

184 606 328 686 septima
355 606 479 671 tabula.
506 631 522 665 u
541 605 646 690 lgitur
661 607 704 692 (l)
722 606 828 684 Sarai,
853 625 938 673 uxor
957 608 1082 674 Abram
1098 628 1158 676 non
1178 624 1218 692 ge-

184 733 304 794 nuerat
323 731 463 809 liberos
481 731 542 797 sed
563 731 693 796 habens
719 732 876 797 ancillam
891 732 1219 817 Aegyptiamnomine

182 853 282 937 Agar,
306 855 390 920 dixit
419 856 540 921 marito
565 872 653 921 suo:
673 856 762 922 Ecce
789 856 958 923 conclusit
983 877 1036 925 mc
1063 858 1218 931 Dominus

179 995 220 1044 no
240 996 397 1061 parerem
419 998 426 1044 :
449 980 629 1064 ingredere
651 980 692 1045 ad
708 982 864 1046 ancillam
885 999 1007 1062 meam,
1026 986 1056 1048 si
1072 984 1157 1051 lortc
1171 982 1220 1049 sal·

103 1178 106 1185 ¹
178 1106 245 1166 tem
267 1120 309 1168 ex
333 1102 391 1167 illa
421 1105 608 1185 suscipiam
635 1101 735 1168 filios.
763 1129 779 1162 u
805 1104 935 1173 Acerlre
964 1107 1055 1191 Agar
1092 1106 1222 1174 subridet

177 1221 256 1286 dum
280 1223 348 1287 tale
375 1223 554 1287 consilium
584 1225 685 1291 all'ert
715 1227 974 1312 obstupescenti
1007 1233 1130 1298 marito
1152 1250 1158 1295 :
1177 1245 1220 1295 an·

177 1346 255 1410 oilla
280 1363 362 1412 vero
388 1347 582 1423 decussatis
600 1349 632 1413 in
657 1355 798 1432 pectore
819 1351 974 1416 manibus
995 1351 1037 1416 ad
1066 1353 1222 1432 obtempe-

176 1471 317 1535 randum
350 1471 508 1537 dominae
534 1474 699 1539 uoluntati
732 1492 770 1541 sc
804 1474 931 1541 fatetur
955 1480 1112 1556 paratam
1145 1489 1217 1542 csse.

177 1592 252 1658 Mox
277 1610 360 1659 vero
392 1593 508 1659 Saram
531 1597 564 1658 in
594 1598 804 1664 tabernaculi
829 1599 942 1664 limine
970 1599 1126 1666 videmus
1152 1613 1219 1682 quac

176 1718 317 1782 ancillae
350 1718 477 1784 invidet
502 1723 534 1784 et
561 1721 767 1786 irascitur«
792 1724 873 1789 Nam
894 1724 953 1788 illa
973 1721 1019 1811 (2)
1037 1726 1219 1807 concepisse

174 1857 212 1905 se
233 1841 351 1907 videns
374 1842 531 1924 despexit
550 1845 719 1910 dominam
742 1864 851 1912 suam.
877 1848 1048 1930 Dixitque
1077 1848 1168 1914 Sarai
1188 1844 1219 1910 al

174 1965 299 2032 Abram
316 1984 322 2030 :
338 1969 454 2049 inique
469 1969 543 2052 agis
559 1974 740 2036 contrame
757 1991 764 2036 :
785 1988 849 2056 ogo
864 1972 944 2038 dedi
957 1973 1113 2038 ancillam
1128 1985 1218 2038 meam

172 2092 205 2153 in
224 2093 333 2156 slnum
355 2096 447 2158 tuum
470 2111 477 2155 :
499 2111 586 2175 quac
610 2094 730 2160 videns
755 2094 843 2175 quod
871 2093 1080 2174 conceperit,
1096 2093 1219 2173 despec·
1259 2124 1262 2129 -

173 2216 221 2280 tui
240 2233 292 2281 me
309 2217 422 2296 nabet,
442 2217 573 2299 judicet
596 2219 757 2284 Dominus
783 2220 871 2284 inter
897 2234 949 2284 me
973 2222 1007 2282 ot
1025 2221 1070 2282 te.
1093 2215 1218 2282 Cuiras-

172 2341 325 2420 pandens
348 2340 470 2406 Abram
494 2359 501 2404 :
521 2343 622 2419 Ecce,
639 2345 696 2420 ait,
720 2344 843 2408 ancilla
861 2346 917 2408 lua
933 2343 967 2405 in
980 2359 1081 2407 manu
1097 2345 1153 2408 tua
1165 2340 1216 2411 cst,

171 2470 266 2531 utere
289 2483 330 2532 ea
352 2470 388 2531 ut
406 2467 498 2532 libet.
520 2467 639 2531 »Tum
663 2469 735 2533 sine
756 2484 853 2532 mora
869 2467 1025 2532 ancillam
1051 2483 1152 2548 quam
1172 2479 1217 2529 ca·

170 2591 261 2670 pillis
284 2593 449 2672 corripuit
474 2591 602 2656 frustra
624 2593 840 2657 resistentem
864 2594 963 2656 uetus
987 2589 1071 2655 Sara
1100 2589 1218 2656 nodoso

168 2712 247 2778 lune
268 2716 436 2780 violenter
450 2717 609 2795 percutit.
629 2741 644 2772 «
657 2710 896 2800 nllligente(3)
912 2714 1016 2798 igitur
1041 2730 1117 2780 eam
1137 2711 1221 2778 Sami

167 2835 282 2920 lugam
297 2839 381 2902 iniit.
400 2864 415 2896 »
432 2838 668 2905 Discedentem
681 2839 770 2923 Agar
782 2839 938 2904 videmus
953 2855 1040 2921 quae
1063 2836 1167 2905 Sarac
1179 2840 1223 2901 la·

167 2962 386 3028 hernaculum
417 2962 595 3029 fastidiose
627 2965 782 3044 respicit.
805 2962 954 3046 Angelus
980 2966 1129 3045 quatuor
1157 2963 1221 3029 alas

167 3087 297 3153 liabens
313 3091 348 3152 ut
367 3089 467 3153 citius
489 3088 624 3154 advolet
641 3106 716 3154 eam
727 3087 824 3170 Juhct
844 3087 885 3151 ad
906 3087 1077 3152 dominam
1091 3084 1217 3153 reuerti.

211 3211 244 3274 ln
259 3213 370 3277 media
385 3219 482 3292 parte
502 3213 635 3278 tabulae
651 3212 820 3277 Abraham
841 3212 882 3276 ad
893 3212 1001 3292 pedes
1016 3213 1117 3277 trium
1131 3225 1220 3295 ange-

165 3338 275 3402 lorum
295 3338 485 3418 procumhit
497 3338 553 3420 qui
570 3337 612 3402 ad
625 3353 701 3401 oum
715 3335 928 3401 invisendum
940 3341 1117 3402 uenerunt.
1130 3334 1220 3417 Fugit

165 3462 263 3543 lepus
288 3462 503 3542 patriarchae
531 3462 673 3544 genibus
704 3459 876 3525 submisso
911 3459 1069 3538 illudens,
1100 3463 1135 3526 et
1163 3457 1220 3525 leui

165 3587 253 3650 saltu
284 3588 391 3652 riuum
416 3603 584 3666 superans
604 3587 637 3648 in
657 3602 724 3667 quo
753 3583 849 3649 albae
873 3586 990 3647 natant
1011 3587 1130 3650 anates
1148 3584 1220 3649 dum

164 3707 198 3769 in
217 3709 290 3788 ripa
313 3709 427 3788 arricta
452 3726 554 3774 cerva
576 3709 740 3789 pascitur.
768 3705 804 3770 ln
824 3706 944 3772 dextra
967 3711 1064 3787 parte
1091 3706 1219 3772 tabulae

164 3831 227 3896 sub
256 3847 403 3912 quercus
436 3833 554 3896 umbra
584 3832 696 3914 angeli
730 3847 807 3895 oum
840 3831 1008 3895 Abraham
1033 3831 1218 3912 prandent:

199 4043 236 4113 (l)
253 4043 331 4096 Liber
347 4043 466 4109 Genesis
483 4048 571 4113 caput
584 4060 637 4109 nun,
653 4047 677 4108 l,
692 4046 717 4096 ⁴2.

200 4135 235 4197 (2)
251 4133 329 4185 Liber
341 4133 460 4197 Genesis
474 4136 562 4202 caput
573 4150 628 4197 xri,
645 4135 670 4196 l,
685 4136 710 4187 li.
728 4136 753 4185 li.

199 4226 234 4293 (3)
253 4222 330 4276 libor·
344 4222 463 4290 Genesis,
479 4226 567 4291 caput
579 4237 634 4287 nur,
649 4223 673 4274 6.
