2812 4966
606 409 786 473 ...70-

166 582 283 648 Rubcn
297 586 333 647 ul
349 584 459 664 ipsum
476 599 611 648 servum
629 599 691 663 pro
709 581 880 664 Beniamin
896 583 1054 664 accipiat.
1068 608 1084 642 «
1101 582 1177 651 Non
1190 580 1232 668 (l)

166 723 204 772 sc
223 711 359 788 poterat
387 708 474 772 ultra
495 707 657 772 cohibere
674 706 801 788 loseph
820 731 836 765 n
853 706 911 788 qui
931 723 1068 772 manum
1086 707 1131 773 ad
1150 707 1234 773 udos

165 830 231 896 lert
253 833 384 897 oculos,

212 956 394 1022 Historiam
422 957 513 1021 illam
537 955 751 1021 adamavisse
771 955 906 1022 videtur
924 955 1098 1036 Benotius,
1120 956 1231 1039 ibique

167 1097 289 1147 nomen
309 1098 407 1146 sunm
426 1081 689 1163 consignaverat
704 1081 736 1144 in
756 1079 887 1145 disticis
909 1095 997 1162 quos
1016 1096 1125 1161 supra
1142 1084 1230 1147 retu-

165 1207 264 1271 limus
286 1223 293 1268 :

415 1400 489 1463 Orrid
503 1406 609 1470 spectas
625 1404 799 1455 uolucres.....

168 1599 299 1648 necnon
329 1579 477 1663 elligiem
503 1597 598 1645 suam
630 1581 719 1646 inter
747 1580 868 1647 doctos
894 1581 988 1648 viros
1016 1583 1225 1664 artificesque

168 1708 324 1789 pinxerat
361 1705 420 1786 (μή
445 1708 522 1770 ante
550 1704 737 1769 Pharaonis
770 1703 874 1770 aedes
908 1704 1140 1774 deambulant.
1173 1706 1225 1772 llic

168 1833 268 1898 eliam
297 1830 455 1912 corporis
478 1828 614 1894 habitus
636 1830 772 1912 impigri
794 1832 940 1897 hominis
955 1836 1009 1898 est
1031 1834 1089 1914 qui
1108 1838 1176 1900 tum
1190 1849 1225 1898 ex

167 1956 344 2021 laboribus
373 1955 468 2019 brevi
505 1954 617 2034 orriele
654 1951 816 2018 reficitur.
851 1952 990 2019 Vicinus
1029 1953 1225 2021 adolescens

169 2080 305 2162 adjutor
324 2083 377 2146 ost
401 2083 456 2162 qui
482 2099 558 2147 eum
582 2081 687 2164 digito
706 2084 742 2146 ul
755 2079 902 2161 ingentis
922 2077 1038 2159 operis
1059 2082 1226 2144 auctorem

170 2204 327 2288 designat
345 2211 379 2273 et
392 2204 507 2271 dicore
526 2206 682 2271 ridetur:
701 2229 715 2261 «
733 2203 793 2268 llic
806 2206 859 2270 est
873 2228 903 2266 n.

216 2327 251 2392 ln
278 2329 393 2394 tabula
423 2329 678 2395 decimosexto
705 2325 751 2414 (2)
778 2328 895 2410 incipit
926 2327 1072 2394 historia
1094 2327 1226 2411 Moysis.

169 2453 252 2519 Novi
272 2454 461 2519 Pharaonis
480 2454 584 2519 aedes
600 2454 754 2519 videmus
776 2471 861 2535 quas
877 2453 1038 2520 Benotius
1062 2453 1104 2518 ad
1122 2453 1228 2519 simili·

170 2578 320 2644 tudinem
339 2579 446 2659 pinxit
463 2578 586 2643 domus
601 2596 702 2659 uuam
718 2577 866 2644 Medices
882 2577 970 2643 Pisis
986 2577 1226 2644 inhabitabant.

170 2703 303 2767 Pharao
327 2701 474 2782 lepidum
504 2702 679 2783 parvulum
704 2701 852 2785 lloysem
878 2719 977 2784 quem
993 2717 1097 2768 soror
1121 2707 1228 2768 osten·

171 2827 324 2891 tentabat
345 2826 434 2889 collo
452 2843 514 2891 suo
532 2826 701 2905 admovet,
715 2832 749 2893 at
763 2829 818 2893 ille
838 2827 1033 2909 impositam
1048 2825 1228 2893 Pharaonis

172 2951 275 3032 capili
301 2967 464 3015 coronam
482 2954 599 3016 tenera
623 2969 722 3017 manu
739 2954 882 3033 corripit
899 2956 933 3020 et
954 2952 1076 3018 ludens
1094 2953 1128 3017 in
1146 2951 1229 3038 pavi-

173 3079 322 3141 mentum
354 3073 470 3157 abjicit
494 3076 550 3139 uhi
577 3076 775 3158 dissipatur.
810 3076 904 3154 Quod
938 3076 1112 3144 funestum
1138 3092 1228 3143 omen

174 3201 311 3266 solliciti
327 3199 544 3265 considerant
565 3200 791 3284 conjectores.
815 3202 938 3268 Deinde
959 3200 1146 3268 candentes
1165 3217 1229 3268 car·

173 3327 282 3391 hones
307 3327 338 3388 in
359 3326 473 3406 patina
494 3343 513 3389 a
531 3327 631 3409 pagio
646 3327 781 3392 oblatos
797 3344 896 3391 manu
917 3326 1098 3408 prehendit
1116 3343 1229 3409 parvu-

211 3500 247 3569 li)
262 3501 343 3554 Liber
356 3500 476 3567 Genesis,
491 3504 644 3572 caprotina,
660 3503 705 3567 ll,
719 3504 762 3554 lu.

212 3590 248 3658 (⁶3)
266 3587 359 3659 Hujus
378 3587 496 3643 tabulae
516 3589 588 3643 haec
601 3593 645 3643 est
660 3588 809 3660 inscriptio
824 3608 830 3644 :
848 3568 1066 3646 Calliodoruone
1084 3591 1189 3646 orendo
1204 3592 1229 3642 in

177 3678 284 3730 dracoue
304 3680 395 3744 Mopse
417 3679 525 3732 essendo
541 3681 646 3747 piccuto
661 3680 799 3744 sonciullo
818 3681 858 3747 pli
874 3681 943 3748 pitto
961 3683 991 3734 in
1008 3686 1084 3734 terra
1097 3681 1127 3734 lo
1138 3692 1229 3735 corono

177 3766 222 3819 dcl
239 3782 305 3834 copo
321 3782 333 3818 c
352 3768 479 3835 ruppclo.
494 3768 618 3820 Furuone
630 3784 656 3820 sc
670 3785 702 3821 nc
715 3770 837 3823 costrr'llo
853 3773 967 3837 efacere
978 3770 1072 3824 uenire
1085 3769 1131 3824 dcl
1144 3772 1227 3837 [uoco.

177 3856 268 3922 Mopse
282 3870 361 3923 prosc
381 3872 416 3908 un
437 3857 551 3909 carbone
573 3858 602 3910 rll
622 3858 704 3921 succo
724 3859 883 3911 cnrisscscto
905 3860 934 3911 in
949 3858 1063 3911 bocboc
1080 3874 1133 3928 par
1144 3861 1228 3929 ortasio

177 3949 236 3996 ullo
251 3960 303 3996 nora
319 3943 413 3997 dublld
432 3947 491 4013 piri.
512 3948 616 3998 Venulo
632 3949 720 4014 Mopso
739 3948 767 3999 in
787 3951 831 4000 ero
843 3951 963 4014 porscllo
976 3946 1055 4002 ludio
1070 3947 1096 4001 lo
1108 3945 1229 4003 mundio

178 4035 239 4087 diro
257 4050 273 4083 n
292 4035 412 4085 Fluuonc
431 4034 477 4085 che
493 4033 616 4087 lusciussc
630 4035 649 4087 u
664 4051 711 4088 suo
724 4038 834 4103 pupulo.
848 4038 972 4091 Furuone
985 4052 1040 4090 non
1054 4037 1095 4105 pli
1110 4037 1228 4092 crcdctle.

178 4126 265 4190 illopsc
282 4126 339 4188 frcr
353 4123 429 4175 nrnlli
444 4123 575 4177 curnula
591 4126 640 4177 Pru
655 4127 663 4175 i
677 4127 753 4193 pinli
766 4142 820 4178 rom
832 4142 924 4180 rnrrzzu
937 4127 1079 4180 ‹lircntorc
1089 4142 1128 4180 un
1140 4125 1230 4193 drapo.
